<record><leader>00000cas a2200000 a 4500</leader><controlfield tag="001">12886472</controlfield><controlfield tag="008">851209d18791882ksuwr ne      0    0eng d</controlfield><datafield ind1=" " ind2=" " tag="010"><subfield code="a">sn 85032025 </subfield></datafield><datafield ind1=" " ind2=" " tag="040"><subfield code="a">KSH</subfield><subfield code="b">eng</subfield><subfield code="c">KSH</subfield><subfield code="d">NPT</subfield><subfield code="d">OCL</subfield><subfield code="d">OCLCQ</subfield></datafield><datafield ind1=" " ind2=" " tag="042"><subfield code="a">msc</subfield></datafield><datafield ind1="0" ind2="0" tag="245"><subfield code="a">Weekly Kansas State journal.</subfield></datafield><datafield ind1=" " ind2=" " tag="260"><subfield code="a">Topeka, Kan. :</subfield><subfield code="b">Reed &amp; Sewell,</subfield><subfield code="c">1879-1882.</subfield></datafield><datafield ind1=" " ind2=" " tag="300"><subfield code="a">4 v. ;</subfield><subfield code="c">64 cm.</subfield></datafield><datafield ind1=" " ind2=" " tag="310"><subfield code="a">Weekly</subfield></datafield><datafield ind1="0" ind2=" " tag="362"><subfield code="a">Vol. 8, no. 1 (Oct. 9, 1879)-v. 11, no. 6 (June 15, 1882) ; v. 9, no. 7 (June 22, 1882)-v. 9, no. 15 (Aug. 10, 1882).</subfield></datafield><datafield ind1=" " ind2=" " tag="500"><subfield code="a">Published by Geo. W. Reed, Jan. 1, 1880-Nov. 17, 1881.</subfield></datafield><datafield ind1=" " ind2=" " tag="580"><subfield code="a">Also issued in a daily edition called: Daily Kansas State journal.</subfield></datafield><datafield ind1=" " ind2=" " tag="752"><subfield code="a">United States</subfield><subfield code="b">Kansas</subfield><subfield code="c">Shawnee</subfield><subfield code="d">Topeka.</subfield></datafield><datafield ind1="1" ind2=" " tag="775"><subfield code="t">Daily Kansas State journal</subfield><subfield code="w">(DLC)sn 82016015</subfield></datafield><datafield ind1="0" ind2="0" tag="780"><subfield code="t">Topeka weekly blade</subfield><subfield code="w">(DLC)sn 85032040</subfield></datafield><datafield ind1="0" ind2="0" tag="785"><subfield code="t">Weekly state journal (Topeka, Kan.)</subfield><subfield code="w">(DLC)sn 85032016</subfield></datafield><datafield ind1="1" ind2=" " tag="029"><subfield code="a">AU@</subfield><subfield code="b">000022165150</subfield></datafield></record>